
@inproceedings{Bewley2016_sort,
    author    = {Bewley, Alex and Ge, Zongyuan and Ott, Lionel and Ramos, Fabio and Upcroft, Ben},
    booktitle = {2016 IEEE International Conference on Image Processing (ICIP)},
    title     = {Simple online and realtime tracking},
    year      = {2016},
    pages     = {3464-3468}
}

@inproceedings{zeng2021motr,
    title     = {MOTR: End-to-End Multiple-Object Tracking with TRansformer},
    author    = {Zeng, Fangao and Dong, Bin and Zhang, Yuang and Wang, Tiancai and Zhang, Xiangyu and Wei, Yichen},
    booktitle = {European Conference on Computer Vision (ECCV)},
    year      = {2022}
}

@article{kalman1960,
    author    = {Kalman, Rudolph Emil and Others},
    year      = {1960},
    publisher = {{ASME} International},
    volume    = {82},
    number    = {1},
    pages     = {35--45},
    title     = {A new approach to linear filtering and prediction problems},
    journal   = {Journal of Basic Engineering}
}

@inproceedings{Wojke2017simple,
    title        = {Simple Online and Realtime Tracking with a Deep Association Metric},
    author       = {Wojke, Nicolai and Bewley, Alex and Paulus, Dietrich},
    booktitle    = {2017 IEEE International Conference on Image Processing (ICIP)},
    year         = {2017},
    pages        = {3645--3649},
    organization = {IEEE}
}

@article{zhang2022bytetrack,
    title     = {ByteTrack: Multi-Object Tracking by Associating Every Detection Box},
    author    = {Zhang, Yifu and Sun, Peize and Jiang, Yi and Yu, Dongdong and Weng, Fucheng and Yuan, Zehuan and Luo, Ping and Liu, Wenyu and Wang, Xinggang},
    booktitle = {Proceedings of the European Conference on Computer Vision (ECCV)},
    year      = {2022}
}

@inproceedings{cao2023observation,
    title     = {Observation-centric sort: Rethinking sort for robust multi-object tracking},
    author    = {Cao, Jinkun and Pang, Jiangmiao and Weng, Xinshuo and Khirodkar, Rawal and Kitani, Kris},
    booktitle = {Proceedings of the IEEE/CVF Conference on Computer Vision and Pattern Recognition},
    pages     = {9686--9696},
    year      = {2023}
}

@inproceedings{Rezatofighi_2018_CVPR,
    author    = {Rezatofighi, Hamid and Tsoi, Nathan and Gwak, JunYoung and Sadeghian, Amir and Reid, Ian and Savarese, Silvio},
    title     = {Generalized Intersection Over Union: A Metric and a Loss for Bounding Box Regression},
    booktitle = {Proceedings of the IEEE/CVF Conference on Computer Vision and Pattern Recognition (CVPR)},
    month     = {June},
    year      = {2019}
}

@inproceedings{Zheng_Wang_Liu_Li_Ye_Ren_2020,
    title     = {Distance-IoU Loss: Faster and Better Learning for Bounding Box Regression},
    author    = {Zheng, Zhaohui and Wang, Ping and Liu, Wei and Li, Jinze and Ye, Rongguang and Ren, Dongwei},
    booktitle = {The AAAI Conference on Artificial Intelligence (AAAI)},
    year      = {2020}
}

@article{zheng2021ciou,
    author    = {Zheng, Zhaohui and Wang, Ping and Ren, Dongwei and Liu, Wei and Ye, Rongguang and Hu, Qinghua and Zuo, Wangmeng},
    title     = {Enhancing Geometric Factors in Model Learning and Inference for Object Detection and Instance Segmentation},
    booktitle = {IEEE Transactions on Cybernetics},
    year      = {2021}
}

@article{du2023strongsort,
    title     = {Strongsort: Make deepsort great again},
    author    = {Du, Yunhao and Zhao, Zhicheng and Song, Yang and Zhao, Yanyun and Su, Fei and Gong, Tao and Meng, Hongying},
    journal   = {IEEE Transactions on Multimedia},
    year      = {2023},
    publisher = {IEEE}
}

@inproceedings{Luo_2019_CVPR_Workshops,
    author    = {Luo, Hao and Gu, Youzhi and Liao, Xingyu and Lai, Shenqi and Jiang, Wei},
    title     = {Bag of Tricks and a Strong Baseline for Deep Person Re-Identification},
    booktitle = {The IEEE Conference on Computer Vision and Pattern Recognition (CVPR) Workshops},
    month     = {June},
    year      = {2019}
}

@article{7485869,
    author  = {Ren, Shaoqing and He, Kaiming and Girshick, Ross and Sun, Jian},
    journal = {IEEE Transactions on Pattern Analysis and Machine Intelligence},
    title   = {Faster R-CNN: Towards Real-Time Object Detection with Region Proposal Networks},
    year    = {2017},
    volume  = {39},
    number  = {6},
    pages   = {1137-1149}
}

@article{s23156887,
    author         = {Mirzaei, Behzad and Nezamabadi-pour, Hossein and Raoof, Amir and Derakhshani, Reza},
    title          = {Small Object Detection and Tracking: A Comprehensive Review},
    journal        = {Sensors},
    volume         = {23},
    year           = {2023},
    number         = {15},
    article-number = {6887},
    pubmedid       = {37571664}
}

@article{ge2021yolox,
    title   = {YOLOX: Exceeding YOLO Series in 2021},
    author  = {Ge, Zheng and Liu, Songtao and Wang, Feng and Li, Zeming and Sun, Jian},
    journal = {arXiv preprint arXiv:2107.08430},
    year    = {2021}
}

@article{maggiolino2023deep,
    title   = {Deep OC-SORT: Multi-Pedestrian Tracking by Adaptive Re-Identification},
    author  = {Maggiolino, Gerard and Ahmad, Adnan and Cao, Jinkun and Kitani, Kris},
    journal = {arXiv preprint arXiv:2302.11813},
    year    = {2023}
}

@article{animalTA,
    author  = {Chiara, Violette and Kim, Sin-Yeon},
    title   = {AnimalTA: A highly flexible and easy-to-use program for tracking and analysing animal movement in different environments},
    journal = {Methods in Ecology and Evolution},
    volume  = {14},
    number  = {7},
    pages   = {1699-1707},
    year    = {2023}
}

@misc{anTracks,
    author       = {Martin Stumpe},
    howpublished = {https://sites.google.com/view/antracks},
    title        = {AnTracks},
    year         = {2010}
}

@article{anTraX,
    title     = {anTraX, a software package for high-throughput video tracking of color-tagged insects},
    author    = {Gal, Asaf and Saragosti, Jonathan and Kronauer, Daniel JC},
    year      = {2020},
    editor    = {Berman, Gordon J and Dulac, Catherine and Shaevitz, Joshua W and Perez-Escudero, Alfonso},
    volume    = 9,
    month     = {nov},
    journal   = {eLife},
    issn      = {2050-084X},
    publisher = {eLife Sciences Publications, Ltd},
    pages     = {e58145},
    citation  = {eLife 2020;9:e58145}
}

@article{IdTracker,
    author  = {Pérez-Escudero, Alfonso and Vicente-Page, Julián and Hinz, Robert and Arganda, Sara and Polavieja, Gonzalo},
    year    = {2014},
    month   = {06},
    pages   = {},
    title   = {IdTracker: Tracking individuals in a group by automatic identification of unmarked animals},
    volume  = {11},
    journal = {Nature methods}
}

@article{IdTracker2,
    author  = {Romero-Ferrero, Francisco and Bergomi, Mattia and Hinz, Robert and Heras, Francisco and Polavieja, Gonzalo},
    year    = {2019},
    month   = {02},
    pages   = {},
    title   = {idtracker.ai: Tracking all individuals in large collectives of unmarked animals},
    volume  = {16},
    journal = {Nature Methods}
}

@article{ctrax,
    author  = {Branson, Kristin and Robie, Alice and Perona, Pietro and Dickinson, Michael},
    year    = {2009},
    month   = {06},
    pages   = {451-7},
    title   = {High-throughput Ethomics in Large Groups of Drosophila},
    volume  = {6},
    journal = {Nature methods}
}

@inproceedings{abeysinghe2023tracking,
    author = {Abeysinghe, Chamath and Reid, Chris and Rezatofighi, Hamid and Meyer, Bernd},
    year   = {2023},
    month  = {08},
    pages  = {546-554},
    title  = {Tracking Different Ant Species: An Unsupervised Domain Adaptation Framework and a Dataset for Multi-object Tracking}
}

@article{MOTChallenge2015,
    author  = {Leal-Taixé, Laura and Milan, Anton and Reid, Ian and Roth, Stefan},
    year    = {2015},
    month   = {04},
    pages   = {},
    title   = {MOTChallenge 2015: Towards a Benchmark for Multi-Target Tracking},
    volume  = {abs/1504.01942},
    journal = {arXiv:1504.01942}
}

@inproceedings{yoloFormat,
    author = {Redmon, Joseph and Divvala, Santosh and Girshick, Ross and Farhadi, Ali},
    year   = {2016},
    month  = {06},
    pages  = {779-788},
    title  = {You Only Look Once: Unified, Real-Time Object Detection}
}

@inproceedings{Market-1501,
    author    = {Zheng, Liang and Shen, Liyue and Tian, Lu and Wang, Shengjin and Wang, Jingdong and Tian, Qi},
    booktitle = {2015 IEEE International Conference on Computer Vision (ICCV)},
    title     = {Scalable Person Re-identification: A Benchmark},
    year      = {2015},
    pages     = {1116-1124}
}

@misc{cvat,
    author       = {Boris Sekachev and Nikita Manovich and Maxim Zhiltsov and Andrey Zhavoronkov and Dmitry Kalinin and Ben Hoff and TOsmanov and Dmitry Kruchinin and Artyom Zankevich and DmitriySidnev and Maksim Markelov and Johannes222 and Mathis Chenuet and a-andre and telenachos and Aleksandr Melnikov and Jijoong Kim and Liron Ilouz and Nikita Glazov and Priya4607 and Rush Tehrani and Seungwon Jeong and Vladimir Skubriev and Sebastian Yonekura and vugia truong and zliang7 and lizhming and Tritin Truong},
    title        = {opencv/cvat: v1.1.0},
    howpublished = {https://github.com/opencv/cvat/tree/v1.1.0},
    year         = {2020}
}

@article{tomar2006converting,
    title   = {Converting video formats with FFmpeg},
    author  = {Tomar, Suramya},
    year    = {2006},
    month   = {06},
    volume  = {2006},
    journal = {Linux Journal}
}

@misc{precision_recall,
    author = {Wikimedia Commons (Walber)},
    title  = {Precision and recall},
    year   = {2014},
    url    = {https://commons.wikimedia.org/wiki/File:Precisionrecall.svg}
}

@article{luiten2020IJCV,
    title     = {HOTA: A Higher Order Metric for Evaluating Multi-Object Tracking},
    author    = {Luiten, Jonathon and Osep, Aljosa and Dendorfer, Patrick and Torr, Philip and Geiger, Andreas and Leal-Taix{\'e}, Laura and Leibe, Bastian},
    journal   = {International Journal of Computer Vision},
    pages     = {1--31},
    year      = {2020},
    publisher = {Springer}
}

@article{MOTA,
    author  = {Bernardin, Keni and Stiefelhagen, Rainer},
    year    = {2008},
    month   = {01},
    pages   = {},
    title   = {Evaluating multiple object tracking performance: The CLEAR MOT metrics},
    volume  = {2008},
    journal = {EURASIP Journal on Image and Video Processing}
}

@inproceedings{ristani2016performance,
    author    = {Ristani, Ergys and Solera, Francesco and Zou, Roger and Cucchiara, Rita and Tomasi, Carlo},
    year      = {2016},
    month     = {10},
    pages     = {},
    booktitle = {Conference: European Computer on Computer Vision Workshops},
    title     = {Performance Measures and a Data Set for Multi-target, Multi-camera Tracking},
    volume    = {9914},
    isbn      = {978-3-319-48880-6}
}

@misc{opencv_library,
    author = {Bradski, G.},
    title  = {{The OpenCV Library}},
    year   = {2000}
}

@misc{Jocher_YOLO_by_Ultralytics_2023,
    author       = {Jocher, Glenn and Chaurasia, Ayush and Qiu, Jing},
    license      = {AGPL-3.0},
    month        = jan,
    title        = {{YOLO by Ultralytics}},
    howpublished = {https://github.com/ultralytics/ultralytics},
    version      = {8.0.0},
    year         = {2023}
}

@article{Akyon_Slicing_Aided_Hyper_2022,
    title   = {Slicing Aided Hyper Inference and Fine-tuning for Small Object Detection},
    author  = {Akyon, Fatih Cagatay and Altinuc, Sinan Onur and Temizel, Alptekin},
    journal = {2022 IEEE International Conference on Image Processing (ICIP)},
    doi     = {10.1109/ICIP46576.2022.9897990},
    pages   = {966-970},
    year    = {2022}
}

@misc{obss2021sahi,
    author    = {Akyon, Fatih Cagatay and Cengiz, Cemil and Altinuc, Sinan Onur and Cavusoglu, Devrim and Sahin, Kadir and Eryuksel, Ogulcan},
    title     = {{SAHI: A lightweight vision library for performing large scale object detection and instance segmentation}},
    month     = nov,
    year      = 2021,
    publisher = {Zenodo},
    doi       = {10.5281/zenodo.5718950},
    url       = {https://doi.org/10.5281/zenodo.5718950}
}

@misc{wandb,
    title        = {Experiment Tracking with Weights and Biases},
    year         = {2020},
    note         = {Software available from wandb.com},
    howpublished = {https://www.wandb.com/},
    author       = {Biewald, Lukas}
}

@article{he2020fastreid,
    title   = {FastReID: A Pytorch Toolbox for General Instance Re-identification},
    author  = {He, Lingxiao and Liao, Xingyu and Liu, Wu and Liu, Xinchen and Cheng, Peng and Mei, Tao},
    journal = {arXiv preprint arXiv:2006.02631},
    year    = {2020}
}

@misc{YOLOv8_diagram,
    author = {Range King (GitHub user)},
    url    = {https://user-images.githubusercontent.com/27466624/239739723-57391d0f-1848-4388-9f30-88c2fb79233f.jpg},
    title  = {Brief summary of YOLOv8 model structure},
    year   = {2023},
    note   = {https://github.com/RangeKing}
}

@article{10016298,
    author  = {Zhang, Jinyue and Zhang, Xiangrong and Huang, Zhongjian and Cheng, Xina and Feng, Jie and Jiao, Licheng},
    journal = {IEEE Transactions on Geoscience and Remote Sensing},
    title   = {Bidirectional Multiple Object Tracking Based on Trajectory Criteria in Satellite Videos},
    year    = {2023},
    volume  = {61},
    number  = {},
    pages   = {1-14}
}

@article{luo2023realtime,
    title   = {Real-time Multi-Object Tracking Based on Bi-directional Matching},
    author  = {Huilan Luo and Zehua Zeng},
    year    = {2023},
    journal = {arXiv preprint arXiv:2303.08444}
}
